<collection xmlns="http://www.loc.gov/MARC21/slim"><record><leader>00766nam  2200229   450</leader><controlfield tag="001">938</controlfield><controlfield tag="003">http://montalegre.opacnet.com/OPAC/default.aspx?ContentAreaControl=ShowRegHoldings.ascx&amp;RegNo=16662</controlfield><controlfield tag="005">20</controlfield><datafield tag="100" ind1=" " ind2=" "><subfield code="a">20020426d1988    m  y1pory010305  ba</subfield></datafield><datafield tag="101" ind1="1" ind2=" "><subfield code="a">por</subfield><subfield code="c">fre</subfield></datafield><datafield tag="102" ind1=" " ind2=" "><subfield code="a">PT</subfield></datafield><datafield tag="200" ind1="1" ind2=" "><subfield code="a">&lt;O &gt;outro lado da cidade</subfield><subfield code="f">Ed Mcbain</subfield><subfield code="g">trad. Maria Amélia Gentil</subfield></datafield><datafield tag="205" ind1=" " ind2=" "><subfield code="a">1ª ed</subfield></datafield><datafield tag="210" ind1=" " ind2=" "><subfield code="a">Lisboa</subfield><subfield code="c">Gradiva</subfield><subfield code="d">1988</subfield></datafield><datafield tag="215" ind1=" " ind2=" "><subfield code="a">280 p.</subfield><subfield code="d">21 cm</subfield></datafield><datafield tag="225" ind1="2" ind2=" "><subfield code="a">Não incomode</subfield><subfield code="v">20</subfield></datafield><datafield tag="304" ind1=" " ind2=" "><subfield code="a">Tít. orig. : Another part of the city</subfield></datafield><datafield tag="675" ind1=" " ind2=" "><subfield code="a">821.111(73)-314.2 Mcbain, Ed</subfield><subfield code="v">BN</subfield><subfield code="z">por</subfield></datafield><datafield tag="700" ind1=" " ind2="1"><subfield code="a">McBain</subfield><subfield code="b">Ed</subfield><subfield code="c">pseud.</subfield><subfield code="f">1926-</subfield></datafield><datafield tag="702" ind1=" " ind2="1"><subfield code="a">Gentil</subfield><subfield code="b">Maria Amélia</subfield><subfield code="4">730</subfield></datafield><datafield tag="801" ind1=" " ind2="0"><subfield code="a">PT</subfield><subfield code="b">Biblioteca Municipal de Montalegre</subfield><subfield code="g">RPC</subfield></datafield><datafield tag="856" ind1=" " ind2=" "><subfield code="u">locateMedia.asp?cod=20060703092456&amp;ext=jpg</subfield><subfield code="z">CAPA</subfield></datafield><datafield tag="909" ind1="&#9;" ind2=" "><subfield code="a">1</subfield></datafield><datafield tag="966" ind1=" " ind2=" "><subfield code="a">0009180</subfield><subfield code="l">BMM</subfield><subfield code="s">SCG 82-312.4 McB out 20</subfield></datafield></record></collection>